<?xml version="1.0" encoding="UTF-8"?>
<record xmlns="http://www.loc.gov/MARC21/slim" xmlns:xsi="http://www.w3.org/2001/XMLSchema-instance" xsi:schemaLocation="http://www.loc.gov/MARC21/slim http://www.loc.gov/standards/marcxml/schema/MARC21slim.xsd">
<leader>00000cam a22      a 4500</leader>
<controlfield tag="001">001677812</controlfield>
<controlfield tag="003">NNU</controlfield>
<controlfield tag="005">20151007172239.0</controlfield>
<controlfield tag="008">901024s1946    le ac    b    000 0 arar</controlfield>
<datafield tag="010" ind1=" " ind2=" ">
<subfield code="a">   70240883</subfield>
</datafield>
<datafield tag="035" ind1=" " ind2=" ">
<subfield code="a">(OCoLC)22578430</subfield>
</datafield>
<datafield tag="040" ind1=" " ind2=" ">
<subfield code="a">DLC</subfield>
<subfield code="b">eng</subfield>
<subfield code="c">WAU</subfield>
<subfield code="d">DLC</subfield>
<subfield code="d">OCLCF</subfield>
<subfield code="d">OCLCQ</subfield>
<subfield code="d">OCLCO</subfield>
<subfield code="d">NNU</subfield>
</datafield>
<datafield tag="042" ind1=" " ind2=" ">
<subfield code="a">premarc</subfield>
</datafield>
<datafield tag="043" ind1=" " ind2=" ">
<subfield code="a">a-tu---</subfield>
</datafield>
<datafield tag="050" ind1="0" ind2="0">
<subfield code="a">DR417</subfield>
<subfield code="b">.D35 1946</subfield>
</datafield>
<datafield tag="100" ind1="1" ind2=" ">
<subfield code="6">880-01</subfield>
<subfield code="a">Darwazah, Muḥammad ʻIzzat,</subfield>
<subfield code="d">1889-</subfield>
</datafield>
<datafield tag="245" ind1="1" ind2="0">
<subfield code="6">880-02</subfield>
<subfield code="a">Turkīyā al-ḥadīthah :</subfield>
<subfield code="b">fuṣūl fī al-ḥarakah al-niḍālīyah al-istiqlālīyah wa-al-khuṭuwāt al-inqilābīyah wa-al-iṣlāḥīyah wa-al-shuʼūn al-siyāsīyah wa-al-ijtimāʻīyah wa-al-ḥarakāt al-ʻilmīyah wa-al-iqtiṣādīyah wa-al-idārīyah /</subfield>
<subfield code="c">taʼlīf Muḥammad ʻIzzat Darwazah.</subfield>
</datafield>
<datafield tag="260" ind1=" " ind2=" ">
<subfield code="6">880-03</subfield>
<subfield code="a">Bayrūt :</subfield>
<subfield code="b">Maṭbaʻat al-Kashshāf,</subfield>
<subfield code="c">1946.</subfield>
</datafield>
<datafield tag="300" ind1=" " ind2=" ">
<subfield code="a">355 pages</subfield>
<subfield code="b">illustrations, portraits</subfield>
<subfield code="c">26 cm</subfield>
</datafield>
<datafield tag="336" ind1=" " ind2=" ">
<subfield code="a">text</subfield>
<subfield code="b">txt</subfield>
<subfield code="2">rdacontent</subfield>
</datafield>
<datafield tag="337" ind1=" " ind2=" ">
<subfield code="a">unmediated</subfield>
<subfield code="b">n</subfield>
<subfield code="2">rdamedia</subfield>
</datafield>
<datafield tag="338" ind1=" " ind2=" ">
<subfield code="a">volume</subfield>
<subfield code="b">nc</subfield>
<subfield code="2">rdacarrier</subfield>
</datafield>
<datafield tag="504" ind1=" " ind2=" ">
<subfield code="a">Includes bibliographical references.</subfield>
</datafield>
<datafield tag="530" ind1=" " ind2=" ">
<subfield code="a">Also issued online.</subfield>
</datafield>
<datafield tag="651" ind1=" " ind2="0">
<subfield code="a">Turkey.</subfield>
</datafield>
<datafield tag="651" ind1=" " ind2="7">
<subfield code="a">Turkey.</subfield>
<subfield code="2">fast</subfield>
<subfield code="0">(OCoLC)fst01208963</subfield>
</datafield>
<datafield tag="776" ind1="0" ind2="8">
<subfield code="i">Online version:</subfield>
<subfield code="a">Darwazah, Muḥammad ʻIzzat, 1889-</subfield>
<subfield code="t">Turkīyā al-ḥadīthah.</subfield>
<subfield code="d">Bayrūt, Maṭbaʻat al-Kashshāf, 1946</subfield>
<subfield code="w">(OCoLC)645822475</subfield>
</datafield>
<datafield tag="880" ind1="1" ind2=" ">
<subfield code="6">100-01/</subfield>
<subfield code="a">دروزة، محمد عازة،</subfield>
<subfield code="d">1889-</subfield>
</datafield>
<datafield tag="880" ind1="1" ind2="0">
<subfield code="6">245-02/</subfield>
<subfield code="a">تركيا الحديثة :</subfield>
<subfield code="b">فصول في الحركة النضالية الاستقلالية والخطوات الانقلابية والاصلاحية والشؤون السياسية والاجتماعية والحركات العلمية والاقتصادية والادارية /</subfield>
<subfield code="c">تأليف محمد عازة دروزة.</subfield>
</datafield>
<datafield tag="880" ind1=" " ind2=" ">
<subfield code="6">260-03/</subfield>
<subfield code="a">بيروت :</subfield>
<subfield code="b">مطبعة الكشاف،</subfield>
<subfield code="c">1946.</subfield>
</datafield>
<datafield tag="OWN" ind1=" " ind2=" ">
<subfield code="a">GENERAL</subfield>
</datafield>
<datafield tag="AVA" ind1=" " ind2=" ">
<subfield code="a">NYU50</subfield>
<subfield code="b">BOBST</subfield>
<subfield code="c">Main Collection</subfield>
<subfield code="d">DR589 .D3</subfield>
<subfield code="e">unavailable</subfield>
<subfield code="t">Unavailable</subfield>
<subfield code="f">1</subfield>
<subfield code="g">1</subfield>
<subfield code="h">N</subfield>
<subfield code="i">2</subfield>
<subfield code="j">MAIN</subfield>
<subfield code="k">0</subfield>
</datafield>
</record>
